<collection xmlns="http://www.loc.gov/MARC21/slim"><record><leader>00692nam  2200217   450</leader><controlfield tag="001">891</controlfield><controlfield tag="003">http://montalegre.opacnet.com/OPAC/default.aspx?ContentAreaControl=ShowRegHoldings.ascx&amp;RegNo=16662</controlfield><datafield tag="100" ind1=" " ind2=" "><subfield code="a">19860711d1986    k  y0pora0103    ba</subfield></datafield><datafield tag="101" ind1="1" ind2=" "><subfield code="a">por</subfield><subfield code="c">eng</subfield></datafield><datafield tag="102" ind1=" " ind2=" "><subfield code="a">PT</subfield></datafield><datafield tag="200" ind1="1" ind2=" "><subfield code="a">Outras mulheres</subfield><subfield code="f">Lisa Alther</subfield><subfield code="g">trad. Maria Nóvoa</subfield></datafield><datafield tag="205" ind1=" " ind2=" "><subfield code="a">1ª ed</subfield></datafield><datafield tag="210" ind1=" " ind2=" "><subfield code="a">Lisboa</subfield><subfield code="c">Presença</subfield><subfield code="d">1986</subfield></datafield><datafield tag="215" ind1=" " ind2=" "><subfield code="a">283 p.</subfield><subfield code="d">23 cm</subfield></datafield><datafield tag="225" ind1="2" ind2=" "><subfield code="a">Novos continentes</subfield><subfield code="v">9</subfield></datafield><datafield tag="304" ind1=" " ind2=" "><subfield code="a">Tit. orig. Other women</subfield></datafield><datafield tag="675" ind1=" " ind2=" "><subfield code="a">820(73)</subfield><subfield code="v">med</subfield><subfield code="z">por</subfield><subfield code="3">288123</subfield></datafield><datafield tag="700" ind1=" " ind2="1"><subfield code="a">Alther</subfield><subfield code="b">Lisa</subfield><subfield code="3">295177</subfield></datafield><datafield tag="702" ind1=" " ind2="1"><subfield code="a">Nóvoa</subfield><subfield code="b">Maria</subfield><subfield code="4">730</subfield><subfield code="3">29512</subfield></datafield><datafield tag="801" ind1=" " ind2="0"><subfield code="a">PT</subfield><subfield code="b">Biblioteca Municipal de Montalegre</subfield><subfield code="g">RPC</subfield></datafield><datafield tag="856" ind1=" " ind2=" "><subfield code="u">locateMedia.asp?cod=20060628145823&amp;ext=jpg</subfield><subfield code="z">CAPA</subfield></datafield><datafield tag="909" ind1="&#9;" ind2=" "><subfield code="a">1</subfield></datafield><datafield tag="966" ind1=" " ind2=" "><subfield code="a">0008510</subfield><subfield code="l">BMM</subfield><subfield code="s">SCG 821 ALT out 9</subfield></datafield></record></collection>